@misc{ igraphtutorial,
	Howpublished = "{http://igraph.org/python/doc/tutorial/tutorial.html}",
	Title = "{python-igraph Manual}"}
	
@misc{ ceb,
	Howpublished = "{http://igraph.org/python/doc/igraph.GraphBase-class.html#community_edge_betweenness}",
	Title = "{python-igraph Manual}"}


@misc{ tutorial,
	Author = "{Tamas Nepusz, Gabor Csardi}",
	Howpublished = "{http://www.cs.rhul.ac.uk/home/tamas/development/igraph/tutorial/tutorial.html}",
	Title = "{python-igraph v0.6 documentation}",
	Year = "{2010}"}

@misc{ wiki,
	Howpublished = "{http://en.wikipedia.org/wiki/Girvan\%E2\%80\%93Newman\_algorithm}",
	Title = "{Wikipedia - Girvanâ€“Newman algorithm}",
	Year = "{2004}"}
