@misc{ PCI,
        Howpublished = "\url{https://github.com/arthur-e/Programming-Collective-Intelligence/blob/master/chapter3/}",
        Author = "{K. Arthur Endsley}", 
	Title = "Programming-Collective-Intelligence",
        year = "2012",
        publisher = "GitHub"}
	


